<record><leader>00000cas a22000007a 4500</leader><controlfield tag="001">25563228</controlfield><controlfield tag="008">920331d18841887riuwr ne      0    0eng d</controlfield><datafield ind1=" " ind2=" " tag="010"><subfield code="a">sn 92064016 </subfield></datafield><datafield ind1=" " ind2=" " tag="040"><subfield code="a">RHN</subfield><subfield code="b">eng</subfield><subfield code="c">RHN</subfield><subfield code="d">OCLCQ</subfield></datafield><datafield ind1=" " ind2=" " tag="042"><subfield code="a">msc</subfield></datafield><datafield ind1="0" ind2="4" tag="245"><subfield code="a">The Westerly news and Rhode Island telephone.</subfield></datafield><datafield ind1=" " ind2=" " tag="260"><subfield code="a">Westerly and Wickford, R.I. :</subfield><subfield code="b">J. Warren Gardiner</subfield></datafield><datafield ind1=" " ind2=" " tag="300"><subfield code="a">v.</subfield></datafield><datafield ind1=" " ind2=" " tag="310"><subfield code="a">Weekly</subfield></datafield><datafield ind1="0" ind2=" " tag="362"><subfield code="a">Vol. 1, no. 27 (Mar. 15, 1884)-v. 4, no. 5 (July 16, 1887).</subfield></datafield><datafield ind1=" " ind2=" " tag="515"><subfield code="a">Issues for Mar. 15, 1884-Mar. 7, 1885 called also new ser., no. 1-no. 52.</subfield></datafield><datafield ind1=" " ind2=" " tag="515"><subfield code="a">Issues for Mar. 14, 1885-July 16, 1887 called also whole no. 83-whole no. 205.</subfield></datafield><datafield ind1=" " ind2="4" tag="651"><subfield code="a">Westerly (R.I. : Town)</subfield><subfield code="v">Newspapers.</subfield></datafield><datafield ind1=" " ind2="4" tag="651"><subfield code="a">North Kingstown (R.I. : Town)</subfield><subfield code="v">Newspapers.</subfield></datafield><datafield ind1=" " ind2=" " tag="752"><subfield code="a">United States</subfield><subfield code="b">Rhode Island</subfield><subfield code="c">Washington</subfield><subfield code="d">Westerly.</subfield></datafield><datafield ind1=" " ind2=" " tag="752"><subfield code="a">United States</subfield><subfield code="b">Rhode Island</subfield><subfield code="c">Washington</subfield><subfield code="d">Wickford.</subfield></datafield><datafield ind1="0" ind2="4" tag="780"><subfield code="t">Westerly news (Westerly, R.I. : 1884)</subfield><subfield code="w">(DLC)sn 92064018</subfield></datafield><datafield ind1="0" ind2="4" tag="780"><subfield code="t">Rhode Island telephone &amp; genealogical and historical repository</subfield><subfield code="w">(DLC)sn 92064075</subfield></datafield><datafield ind1="0" ind2="0" tag="785"><subfield code="t">American federalist</subfield><subfield code="w">(DLC)sn 92064017</subfield></datafield><datafield ind1="1" ind2=" " tag="029"><subfield code="a">AU@</subfield><subfield code="b">000020693632</subfield></datafield></record>